%% This BibTeX bibliography file was created using BibDesk.
%% http://bibdesk.sourceforge.net/


%% Created for Davide Mottin at 2013-02-14 18:35:52 +0100 


%% Saved with string encoding Unicode (UTF-8) 


@comment{jabref-meta: selector_review:}
@comment{jabref-meta: selector_publisher:}
@comment{jabref-meta: selector_author:}
@comment{jabref-meta: selector_journal:}
@comment{jabref-meta: selector_keywords:}



@inproceedings{Bakshy:2011ys,
	Author = {Bakshy, Eytan and Hofman, Jake M and Mason, Winter A and Watts, Duncan J},
	Booktitle = {Proceedings of the fourth ACM international conference on Web search and data mining},
	Date-Added = {2013-02-14 17:27:25 +0000},
	Date-Modified = {2013-02-14 17:27:25 +0000},
	Organization = {ACM},
	Pages = {65--74},
	Title = {Everyone's an influencer: quantifying influence on twitter},
	Year = {2011}}

@inproceedings{Tumasjan:2010vn,
	Author = {Tumasjan, Andranik and Sprenger, Timm O and Sandner, Philipp G and Welpe, Isabell M},
	Booktitle = {Proceedings of the fourth international aaai conference on weblogs and social media},
	Date-Added = {2013-02-14 17:24:52 +0000},
	Date-Modified = {2013-02-14 17:24:52 +0000},
	Pages = {178--185},
	Title = {Predicting elections with twitter: What 140 characters reveal about political sentiment},
	Year = {2010}}

@inproceedings{Lehmann:2012kx,
	Acmid = {2187871},
	Address = {New York, NY, USA},
	Author = {Lehmann, Janette and Gon\c{c}alves, Bruno and Ramasco, Jos{\'e} J. and Cattuto, Ciro},
	Booktitle = {Proceedings of the 21st international conference on World Wide Web},
	Date-Added = {2013-02-14 17:22:54 +0000},
	Date-Modified = {2013-02-14 17:22:54 +0000},
	Doi = {10.1145/2187836.2187871},
	Isbn = {978-1-4503-1229-5},
	Keywords = {content analysis, micro-blogging, online social networks},
	Location = {Lyon, France},
	Numpages = {10},
	Pages = {251--260},
	Publisher = {ACM},
	Series = {WWW '12},
	Title = {Dynamical classes of collective attention in twitter},
	Url = {http://doi.acm.org/10.1145/2187836.2187871},
	Year = {2012},
	Bdsk-Url-1 = {http://doi.acm.org/10.1145/2187836.2187871},
	Bdsk-Url-2 = {http://dx.doi.org/10.1145/2187836.2187871}}

@inproceedings{Hong:2012qy,
	Acmid = {2187940},
	Address = {New York, NY, USA},
	Author = {Hong, Liangjie and Ahmed, Amr and Gurumurthy, Siva and Smola, Alexander J. and Tsioutsiouliklis, Kostas},
	Booktitle = {Proceedings of the 21st international conference on World Wide Web},
	Date-Added = {2013-02-14 17:22:18 +0000},
	Date-Modified = {2013-02-14 17:22:18 +0000},
	Doi = {10.1145/2187836.2187940},
	Isbn = {978-1-4503-1229-5},
	Keywords = {geolocation, graphical model, language model, latent variable inference, topic models, twitter, user profiling},
	Location = {Lyon, France},
	Numpages = {10},
	Pages = {769--778},
	Publisher = {ACM},
	Series = {WWW '12},
	Title = {Discovering geographical topics in the twitter stream},
	Url = {http://doi.acm.org/10.1145/2187836.2187940},
	Year = {2012},
	Bdsk-Url-1 = {http://doi.acm.org/10.1145/2187836.2187940},
	Bdsk-Url-2 = {http://dx.doi.org/10.1145/2187836.2187940}}
